@misc{katz2024,
  title         = {Updating Katz centrality by counting walks},
  author        = {F. Arrigo and D. Bertaccini and A. Filippo},
  year          = {2024},
  eprint        = {2411.19560},
  archiveprefix = {arXiv},
  primaryclass  = {math.NA},
  url           = {https://arxiv.org/abs/2411.19560}
}

@book{horn1985,
  place     = {Cambridge},
  title     = {Matrix Analysis},
  publisher = {Cambridge University Press},
  author    = {R. A. Horn and C. R. Johnson},
  year      = {1985}
}

@misc{hearotCode,
  author       = {G. A. Videtta},
  title        = {Implementazione di due algoritmi per l'aggiornamento efficiente dell'indice di centralit√† di Katz},
  year         = {2025},
  howpublished = {\url{https://github.com/hearot/katz-centrality-update}},
  note         = {GitHub repository}
}

@misc{minnesota,
  author = {D. Gleich},
  title  = {Minnesota road network (with xy coordinates)},
  editor = {T. Davis},
  year   = {2010},
  url    = {https://sparse.tamu.edu/Gleich/minnesota}
}